@article {mazur,
    author = {Mazur, Barry},
     title = {What is {$\ldots$} a motive?},
   journal = {Notices Amer. Math. Soc.},
  fjournal = {Notices of the American Mathematical Society},
    volume = {51},
      year = {2004},
    number = {10},
     pages = {1214--1216},
      issn = {0002-9920},
     coden = {AMNOAN},
   mrclass = {14F42},
  mrnumber = {2104916},
}

@misc {milne,
    author = {Milne, James},
     title = {What is a motive?},
      year = {2009},
     month = {March},
      note = {Version 1.02. Available at: http://www.jmilne.org/math/xnotes/mot.html},
}
